@Book{zarimpas2003,
  author = 	 {Zarimpas, Nicholas},
  ALTeditor = 	 {},
  title = 	 {Transparency in Nuclear Warheads and Materials},
  publisher = 	 {Oxford University Press},
  year = 	 {2003},
  OPTkey = 	 {},
  OPTvolume = 	 {},
  OPTnumber = 	 {},
  OPTseries = 	 {},
  OPTaddress = 	 {},
  OPTedition = 	 {},
  OPTmonth = 	 {},
  OPTnote = 	 {},
  OPTannote = 	 {}
}

@TechReport{wuwen2004,
  author = 	 {Zhao, Wuwen},
  title = 	 {Promoting Nuclear Warhead Reductions: Regimes,
                  Approaches and Technologies},
  institution =  {Center for International and Security Studies at
                  Maryland},
  year = 	 {2004},
  OPTkey = 	 {},
  OPTtype = 	 {},
  OPTnumber = 	 {},
  OPTaddress = 	 {},
  OPTmonth = 	 {},
  OPTnote = 	 {},
  OPTannote = 	 {}
}

@Article{nuclearTamperSeals2001,
  author = 	 {Johnston, Roger~G.},
  title = 	 {Tamper-Indicating Seals for Nuclear Disarmament and
                  Hazardous Waste Management},
  journal = 	 {Science \& Global Security},
  year = 	 {2001},
  OPTkey = 	 {},
  volume = 	 {9},
  OPTnumber = 	 {},
  pages = 	 {93--112},
  OPTmonth = 	 {},
  OPTnote = 	 {},
  OPTannote = 	 {}
}

@Misc{equipmentIAEAinspectors2002,
  key = 	 {IAEA},
  OPTauthor = 	 {},
  title = 	 {New Safeguards Equipment Systems: Teaming {IAEA}
                  Inspectors with Technology},
  OPThowpublished = {},
  url =          {http://www.iaea.org/Publications/Booklets/TeamingInspectors/teaming_inspectors.pdf},
  OPTmonth = 	 {},
  year = 	 {2002},
  OPTnote = 	 {},
  OPTannote = 	 {}
}

@InProceedings{handbookSecBlunders2010,
  author = 	 {Johnston, Roger~G. and Warner, Jon~S.},
  title = 	 {Handbook of Security Blunders},
  OPTcrossref =  {},
  OPTkey = 	 {},
  booktitle = {Proceedings of the 51\textsuperscript{st} Annual INMM
                  Meeting},
  OPTpages = 	 {},
  year = 	 {2010},
  OPTeditor = 	 {},
  OPTvolume = 	 {},
  OPTnumber = 	 {},
  OPTseries = 	 {},
  OPTaddress = 	 {},
  OPTmonth = 	 {},
  OPTorganization = {},
  OPTpublisher = {},
  OPTnote = 	 {},
  OPTannote = 	 {}
}

@Article{ellis2007,
  author =    {Ellis, Dori},
  title = 	 {Advancing International Safeguards with 
                Strong Partnerships and New Technologies},
  journal = 	 {International Security News},
  year = 	 {2007},
  OPTkey = 	 {},
  volume = 	 {7},
  number = 	 {1},
  OPTpages = 	 {},
  OPTmonth = 	 {},
  OPTnote = 	 {},
  OPTannote = 	 {}
}

@Book{IAEAsafeguards2011,
  author =    {IAEA},
  ALTeditor = 	 {},
  title = 	 {Safeguards Techniques and Equipment: 2011 Edition},
  OPTpublisher = 	 {},
  year = 	 {2011},
  OPTkey = 	 {},
  OPTvolume = 	 {},
  OPTnumber = 	 {},
  series = 	 {International Nuclear Verification Series No.1 (Rev.2)},
  OPTaddress = 	 {},
  OPTedition = 	 {},
  OPTmonth = 	 {},
  OPTnote = 	 {},
  OPTannote = 	 {}
}

@Article{vulnSecSeals1997,
  author =    {Johnston, Roger~G. and Garcia, Anthony~R.E.},
  title = 	 {Vulnerability Assessment of Security Seals},
  journal = 	 {Journal of Security Administration},
  year = 	 {1997},
  OPTkey = 	 {},
  volume = 	 {20},
  OPTnumber = 	 {},
  OPTpages = 	 {},
  OPTmonth = 	 {},
  OPTnote = 	 {},
  OPTannote = 	 {}
}

@InProceedings{nuclearSafeguardsAndSec2005,
  author =    {Johnston, Roger~G. et al.},
  title = 	 {Nuclear safeguards and security: we can do better},
  OPTcrossref =  {},
  OPTkey = 	 {},
  booktitle = {Tenth International Conference on Environmental 
                Remediation and Radioactive Waste Management},
  OPTpages = 	 {},
  year = 	 {2005},
  OPTeditor = 	 {},
  OPTvolume = 	 {},
  OPTnumber = 	 {},
  OPTseries = 	 {},
  OPTaddress = 	 {},
  OPTmonth = 	 {},
  OPTorganization = {},
  OPTpublisher = {},
  OPTnote = 	 {},
  OPTannote = 	 {}
}

@Misc{insiderThreat2011,
  OPTkey =    {},
  author = 	 {Johnston, Roger~G.},
  title = 	 {Mitigating the Insider Threat (and Other Security Issues)},
  OPThowpublished = {},
  url =          {http://www.ne.anl.gov/capabilities/vat/pdfs/Insider%20Threat%20and%20Other%20Security%20Issues.pdf},
  OPTmonth = 	 {},
  year = 	 {2011},
  OPTnote = 	 {},
  OPTannote = 	 {}
}

@InProceedings{unconventionalCoC2010,
  author =    {Johnston, Roger~G. and Warner, Jon~S.},
  title = 	 {Unconventional approaches to chain of custody and verification},
  OPTcrossref =  {},
  OPTkey = 	 {},
  booktitle = {Proceedings of the 51\textsuperscript{st} Annual INMM
                  Meeting},
  OPTpages = 	 {},
  year = 	 {2010},
  OPTeditor = 	 {},
  OPTvolume = 	 {},
  OPTnumber = 	 {},
  OPTseries = 	 {},
  OPTaddress = 	 {},
  OPTmonth = 	 {},
  OPTorganization = {},
  OPTpublisher = {},
  OPTnote = 	 {},
  OPTannote = 	 {}
}